
@misc{internetstats2020,
  title = {Internet live stats},
  note = {https://www.internetlivestats.com/one-second/},
  year = {2020},
  howpublished = {\url{https://www.internetlivestats.com/one-second/}},
  note = {Accessed: 2020-07-20}
} % 1

@article{bartal1996tsp,
  author = {Yair Bartal and Lee-Ad Gottlieb and Robert Krauthgamer},
  title = {The traveling salesman problem: Low-dimensionality implies a polynomial time approximation scheme},
  journal = {SIAM J. Comput.},
  volume = {45},
  number = {4},
  pages = {1563--1581},
  year = {1996}
} % 2

@inproceedings{beygelzimer2006cover,
  author = {A. Beygelzimer and S. Kakade and J. Langford},
  title = {Cover trees for nearest neighbor},
  booktitle = {ICML},
  year = {2006}
} % 3

@inproceedings{hubert2018dynamic,
  author = {T.-H. Hubert Chan and Arnaud Guérin and Mauro Sozio},
  title = {Fully dynamic k-center clustering},
  booktitle = {WWW},
  pages = {579--587},
  year = {2018}
} % 4

@misc{chan2018github,
  author    = {T.-H. Hubert Chan and Arnaud Guerin and Mauro Sozio},
  title     = {Fully dynamic k-center clustering GitHub Repository},
  howpublished = {\url{https://github.com/fe6Bc5R4JvLkFkSeExHM/k-center}},
  year      = {2018}
} % 5

@inproceedings{chan2016reducing,
  author    = {T.-H. Hubert Chan and Shaofeng H.-C. Jiang},
  title     = {Reducing curse of dimensionality: Improved PTAS for TSP (with neighborhoods) in doubling metrics},
  booktitle = {SODA},
  editor    = {Robert Krauthgamer},
  pages     = {754--765},
  year      = {2016},
  publisher = {SIAM}
} % 6

@article{charikar2004incremental,
  author    = {Moses Charikar and Chandra Chekuri and Tom{\'a}s Feder and Rajeev Motwani},
  title     = {Incremental clustering and dynamic information retrieval},
  journal   = {SIAM Journal on Computing},
  volume    = {33},
  number    = {6},
  pages     = {1417--1440},
  year      = {2004},
  note      = {Announced at STOC'97}
} % 7

@inproceedings{charikar2003streaming,
  author    = {Moses Charikar and Liadan O’Callaghan and Rina Panigrahy},
  title     = {Better streaming algorithms for clustering problems},
  booktitle = {Proceedings of the Symposium on Theory of Computing (STOC)},
  editor    = {Lawrence L. Larmore and Michel X. Goemans},
  pages     = {30--39},
  year      = {2003},
  publisher = {ACM}
} % 8

@incollection{coates2012kmeans,
  author    = {Adam Coates and Andrew Y. Ng},
  title     = {Learning feature representations with k-means},
  booktitle = {Neural Networks: Tricks of the Trade - Second Edition},
  series    = {Lecture Notes in Computer Science},
  volume    = {7700},
  pages     = {561--580},
  year      = {2012},
  publisher = {Springer}
} % 9

@inproceedings{cohen2019facility,
  author    = {Vincent Cohen-Addad and Niklas Hjuler and Nikos Parotsidis and David Saulpic and Chris Schwiegelshohn},
  title     = {Fully dynamic consistent facility location},
  booktitle = {Conference on Neural Information Processing Systems (NeurIPS)},
  pages     = {3250--3260},
  year      = {2019}
} % 10

@inproceedings{cohen2016sliding,
  author    = {Vincent Cohen-Addad and Chris Schwiegelshohn and Christian Sohler},
  title     = {Diameter and k-center in sliding windows},
  booktitle = {International Colloquium on Automata, Languages, and Programming (ICALP)},
  pages     = {19:1--19:12},
  year      = {2016}
} % 11

@inproceedings{ding2020dbscan,
  author    = {Hu Ding and Fan Yang and Mingye Wang},
  title     = {On metric DBSCAN with low doubling dimension},
  booktitle = {International Joint Conference on Artificial Intelligence (IJCAI)},
  editor    = {Christian Bessiere},
  pages     = {3080--3086},
  year      = {2020},
  publisher = {ijcai.org}
} % 12

@inproceedings{feder1988approximate,
  author    = {Tom{\'a}s Feder and Daniel H. Greene},
  title     = {Optimal algorithms for approximate clustering},
  booktitle = {Symposium on Theory of Computing (STOC)},
  pages     = {434--444},
  year      = {1988}
} % 13

@article{fernandez2016truckdrone,
  author    = {Sergio Mourelo Ferrandez and Timothy Harbison and Troy Weber and Robert Sturgess and Robert Rich},
  title     = {Optimization of a truck-drone in tandem delivery network using k-means and genetic algorithm},
  journal   = {Journal of Industrial Engineering and Management (JIEM)},
  volume    = {9},
  number    = {2},
  pages     = {374--388},
  year      = {2016}
} % 14

@article{fortunato2010community,
  author    = {Santo Fortunato},
  title     = {Community detection in graphs},
  journal   = {Physics Reports},
  volume    = {486},
  number    = {3},
  pages     = {75--174},
  year      = {2010}
} % 15

@article{friedler2010kinetic,
  author    = {Sorelle A. Friedler and David M. Mount},
  title     = {Approximation algorithm for the kinetic robust k-center problem},
  journal   = {Computational Geometry},
  volume    = {43},
  number    = {6--7},
  pages     = {572--586},
  year      = {2010}
} % 16

@article{gao2006spanners,
  author    = {Jie Gao and Leonidas J. Guibas and An Thai Nguyen},
  title     = {Deformable spanners and applications},
  journal   = {Computational Geometry},
  volume    = {35},
  number    = {1--2},
  pages     = {2--19},
  year      = {2006}
} % 17

@incollection{ge2011fraud,
  author    = {Yong Ge and Hui Xiong and Chuarnen Liu and Zhi-Hua Zhou},
  title     = {A taxi driving fraud detection system},
  booktitle = {ICDM},
  editor    = {Diane J. Cook and Jian Pei and Wei Wang and Osmar R. Za\"iane and Xindong Wu},
  pages     = {181--190},
  year      = {2011},
  publisher = {IEEE Computer Society}
} % 18

@article{gonzalez1985clustering,
  author    = {T. F. Gonzalez},
  title     = {Clustering to minimize the maximum intercluster distance},
  journal   = {Theoretical Computer Science},
  volume    = {38},
  pages     = {293--306},
  year      = {1985}
} % 19

@inproceedings{goranci2018tree,
  author    = {Gramoz Goranci and Monika Henzinger and Dariusz Lenowski},
  title     = {A tree structure for dynamic facility location},
  booktitle = {European Symposium on Algorithms (ESA)},
  pages     = {39:1--39:13},
  year      = {2018}
} % 20

@inproceedings{guha2000clustering,
  author    = {Sudipto Guha and Nina Mishra and Rajeev Motwani and Liadan O'Callaghan},
  title     = {Clustering data streams},
  booktitle = {FOCS 2000},
  pages     = {359--366},
  year      = {2000},
  publisher = {IEEE Computer Society}
} % 21


@inproceedings{gupta2003bounded,
  author    = {Anupam Gupta and Robert Krauthgamer and James R. Lee},
  title     = {Bounded geometries, fractals, and low-distortion embeddings},
  booktitle = {Proceedings of the Symposium on Foundations of Computer Science (FOCS)},
  pages     = {534--543},
  year      = {2003}
} % 22

@article{hansen1997cluster,
  author    = {Pierre Hansen and Brigitte Jaumard},
  title     = {Cluster analysis and mathematical programming},
  journal   = {Mathematical Programming},
  volume    = {79},
  pages     = {191--215},
  year      = {1997}
} % 23

@article{harpeled2004clustering,
  author    = {Sariel Har-Peled},
  title     = {Clustering motion},
  journal   = {Discrete Computational Geometry},
  volume    = {31},
  number    = {4},
  pages     = {545--565},
  year      = {2004}
} % 24

@book{harpeled2011geometric,
  author    = {Sariel Har-Peled},
  title     = {Geometric Approximation Algorithms},
  publisher = {American Mathematical Society},
  year      = {2011}
} % 25

@article{harpeled2006nets,
  author    = {Sariel Har-Peled and Manor Mendel},
  title     = {Fast construction of nets in low-dimensional metrics and their applications},
  journal   = {SIAM Journal on Computing},
  volume    = {35},
  number    = {5},
  pages     = {1148--1184},
  year      = {2006},
  note      = {Announced at SoCG'04}
} % 26

@inproceedings{henzinger2020fullydynamic,
  author    = {Monika Henzinger and Sagar Kale},
  title     = {Fully-Dynamic Coresets},
  booktitle = {European Symposium on Algorithms (ESA)},
  volume    = {173},
  pages     = {57:1--57:21},
  year      = {2020}
} % 27

@article{henzinger2020dynamic,
  author    = {Monika Henzinger and Dariusz Leniowski and Claire Mathieu},
  title     = {Dynamic clustering to minimize the sum of radii},
  journal   = {Algorithmica},
  volume    = {82},
  pages     = {3183--3194},
  year      = {2020}
} % 28

@inproceedings{kale2019smallspace,
  author    = {Sagar Kale},
  title     = {Small space stream summary for matroid center},
  booktitle = {APPROX-RANDOM},
  pages     = {20:1--20:22},
  year      = {2019}
} % 29

@inproceedings{kalkowski2015yfcc,
  author    = {Sebastian Kalkowski and Christian Schulze and Andreas Dengel and Damian Borth},
  title     = {Real-time analysis and visualization of the yfcc100m dataset},
  booktitle = {Proceedings of the 2015 workshop on community-organized multimedia mining: opportunities for novel solutions},
  pages     = {25--30},
  year      = {2015}
} % 30

@article{kariv1979pcenters,
  author    = {O. Kariv and S. L. Hakimi},
  title     = {An algorithmic approach to network location problems. i: The p-centers},
  journal   = {SIAM Journal on Applied Mathematics},
  volume    = {37},
  number    = {3},
  pages     = {513--538},
  year      = {1979}
} % 31

@techreport{kollar2006fast,
  author    = {Thomas Kollar},
  title     = {Fast nearest neighbors},
  institution = {MIT},
  year      = {2006},
  note      = {Technical report}
} % 32

@inproceedings{krauthgamer2004navigating,
  author    = {Robert Krauthgamer and James R. Lee},
  title     = {Navigating nets: simple algorithms for proximity search},
  booktitle = {Symposium on Discrete Algorithms (SODA)},
  pages     = {798--807},
  year      = {2004}
} % 33

@article{laakso2000regular,
  author    = {T. J. Laakso},
  title     = {Ahlfors Q-regular spaces with arbitrary Q > 1 admitting weak poincar\'{e} inequality},
  journal   = {Geometric and Functional Analysis},
  volume    = {10},
  pages     = {111--123},
  year      = {2000}
} % 34

@article{laakso2002plane,
  author    = {Tomi J. Laakso},
  title     = {Plane with A$_\infty$-weighted metric not bilipschitz embeddable to R$^n$},
  journal   = {Bulletin of the London Mathematical Society},
  volume    = {34},
  number    = {6},
  pages     = {667--676},
  year      = {2002}
} % 35

@article{lang2001bilipschitz,
  author    = {Urs Lang and Conrad Plaut},
  title     = {Bilipschitz embeddings of metric spaces into space forms},
  journal   = {Geometriae Dedicata},
  volume    = {87},
  number    = {1--3},
  pages     = {285--307},
  year      = {2001}
} % 36

@inproceedings{li2006learnability,
  author    = {Yi Li and Philip M. Long},
  title     = {Learnability and the doubling dimension},
  booktitle = {NIPS},
  pages     = {889--896},
  year      = {2006}
} % 37

@inproceedings{mccutchen2008streaming,
  author    = {Richard Matthew McCutchen and Samir Khuller},
  title     = {Streaming algorithms for k-center clustering with outliers and with anonymity},
  booktitle = {APPROX-RANDOM},
  pages     = {165--178},
  year      = {2008}
} % 38

@article{schaeffer2007graph,
  author    = {Satu Elisa Schaeffer},
  title     = {Graph clustering},
  journal   = {Computer Science Review},
  volume    = {1},
  number    = {1},
  pages     = {27--64},
  year      = {2007}
} % 39

@article{schmidt2019dynamic,
  author    = {Melanie Schmidt and Christian Sohler},
  title     = {Fully dynamic hierarchical diameter k-clustering and k-center},
  journal   = {CoRR},
  volume    = {abs/1908.02645},
  year      = {2019}
} % 40

@article{shi2000normalized,
  author    = {Jianbo Shi and Jitendra Malik},
  title     = {Normalized cuts and image segmentation},
  journal   = {IEEE Transactions on Pattern Analysis and Machine Intelligence},
  volume    = {22},
  number    = {8},
  pages     = {888--905},
  year      = {2000}
} % 41

@inproceedings{talwar2004bypassing,
  author    = {Kunal Talwar},
  title     = {Bypassing the embedding: algorithms for low dimensional metrics},
  booktitle = {Proceedings of the Symposium on Theory of Computing (STOC)},
  pages     = {281--290},
  year      = {2004}
} % 42

@article{tenenbaum2000global,
  author    = {Joshua B. Tenenbaum and Vin De Silva and John C. Langford},
  title     = {A global geometric framework for nonlinear dimensionality reduction},
  journal   = {Science},
  volume    = {290},
  number    = {5500},
  pages     = {2319--2323},
  year      = {2000}
} % 43

@article{thomee2015new,
  author    = {Bart Thomee and David A. Shamma and Gerald Friedland and Benjamin Elizalde and Karl Ni and Douglas Poland and Damian Borth and Li-Jia Li},
  title     = {The new data and new challenges in multimedia research},
  journal   = {arXiv preprint arXiv:1503.01817},
  year      = {2015}
} % 44
